@preamble{ "\newcommand{\noopsort}[1]{} "
	# "\newcommand{\printfirst}[2]{#1} "
	# "\newcommand{\singleletter}[1]{#1} "
	# "\newcommand{\switchargs}[2]{#2#1} " }

@BOOK{wolff,
   author = "Robert S. Wolff and Larry Yaeger",
   title = "Visualization of Natural Phenomena",
   publisher = "Springer",
   year = "{1993}",
}

@incollection{friendly,
	author = {M. Friendly},
	title = {Milestones in the History of Data Visualization:A Case Study in Statistical Historiography},
	year = {2005},
	publisher = {Springer},
	address = {New York},
	booktitle = {Classification: The Ubiquitous Challenge},
	editor = {C. Weihs and W. Gaul},
	pages = {34--52},
	url = {http://www.math.yorku.ca/SCS/Papers/gfkl.pdf},
}
@BOOK{fry,
   author = "Ben fry",
   title = "Visualizing Data: Exploring and Explaining Data with the Processing Environment",
   publisher = "O'Reilly Media, Inc.",
   year = "{2008}",
}
@ARTICLE{keim,
   author = {D[aniel] A. Keim},
   title = {Information Visualization and Visual Data Mining},
   journal = {\mbox{IEEE Transactions on Visualization and Computer Graphics}},
   year = 2002,
   volume = 7,
   number = 1,
   pages = "100-107",
   month = jan-mar,
}

@INPROCEEDINGS{alfaruque,
   author = "Mohammad Abdullah Al Faruque and Mst. Ayesha Siddika Munni and Mohammad Mostafizur Rahman Mozumdar",
   title = "A Comparative Study: Multidimensional Visualization",
   editor = "",
   booktitle = "International Conference on Computer and Information Technology" # STOC,
   number = 1,
   series = "ICCIT",
   pages = "405--409",
   month = dec,
   year = 2003,
   address = "Dhaka, Bangladesh",
   organization = ICCIT,
   publisher = "",
   
}


@ARTICLE{lodha,
   author = {Lilly Spirkovska and Suresh K. Lodha},
   title = {AWE: aviation weather data visualization environment},
   journal = {Computers and Graphics},
   year = 2002,
   volume = 26,
   pages = 169
}

@ARTICLE{chan,
   author = {H[uamin] Qu and W[ing]-Y[i] Chan and A[nbang] Xu and K[ai]-L[un] Chung and K[ai]-H[on] Lau and P[ing] Guo},
   title = {Visual Analysis of the Air Pollution Problem in Hong Kong},
   journal = {\mbox{IEEE Transactions on Visualization and Computer Graphics}},
   year = 2007,
   volume = 13,
   number = 6,
   pages = "1408-1415",
   month = nov/dec,
   
}

@ARTICLE{allnutt,
   author = {J. S. Mandeep and J. E. Allnutt},
   title = {RAIN ATTENUATION PREDICTIONS AT KU-BAND IN SOUTH EAST ASIA COUNTRIES},
   journal = {\mbox{Progress In Electromagnetics Research}},
   year = 2007,
   volume = 76,
   pages = "65-74",
   month = nov/dec,
   
}

@ARTICLE{pids,
   author = {ACIAR Project Research Team},
   title = {Assessing rainfall variability in Philippine study sites: the Rainman Application},
   journal = {\mbox{ACIAR 2005}},
   year = 2005,
   volume = 1,
   number = 2,
   pages = "1-8",
   month = dec,
   
}
@MISC{adler,
   author="Stephen Cole",
   title="Long-Term Increase in Rainfall Seen in Tropics",
   month=aug,
   year=2007,
   note="Available from http://www.nasa.gov/centers/goddard/news/topstory/2007/rainfall\_increase.html",
}

@ARTICLE{allan,
   author = {Richard P. Allan and Brian J. Soden},
   title = {Atmospheric Warming and the Amplification of Precipitation Extremes},
   journal = {Science},
   year = 2008,
   month = sep,
   day = 12,
   note = "",
}

@MISC{gerstner,
   author = {Thomas Gerstner and Dirk Meetschen and Susan Crewell and Michael Griebel and Clemens Simmer},
   title = {Abstract Visualization of Local Rainfall from Weather Radar Measurements},
   journal = {O'Reilly Radar},
   year = {},
}
@TECHREPORT{karygiannis,
   author = "Tom Karygiannis and Les Owens",
   title = "Wireless Network Security: 802.11, Bluetooth and Handheld Devices",
   institution = "National Institute of Standards and Technology",
   type = "Recommendations of the National Institute of Standards and Technology",
   number = "",
   address = "Computer Security Division, Information Technology Laboratory, Gaithersburg, MD",
   month = nov,
   year = 2002,
   
}

@BOOK{ibe,
   author = "O. Ibe ",
   title = "Fixed Broadband Wireless Access Networks and Services",
   publisher = "John Wiley and Sons, Inc.",
   year = "{2002}",
}
@INPROCEEDINGS{fiebig,
   author = "Mohammad Abdullah Al Faruque and Mst. Ayesha Siddika Munni and Mohammad Mostafizur Rahman Mozumdar",
   title = "Converting Simulated Rain-rate Series into Attenuation Series Using the Synthetic Storm Technique",
   editor = "",
   booktitle = "COST 280 3rd International Workshop: Propagation Impairment Mitigation for Millimetre Wave Radio Systems" # STOC,
   number = 1,
   series = "COST Action 280",
   pages = "1--10",
   month = jun,
   year = 2005,
   address = "Prague",
   organization = COST 280,
   publisher = "",
   
}
@ARTICLE{dissanayake,
   author = {A[soka] Dissanayake and J[eremy] Allnutt and F[atim] Haidara},
   title = {A Prediction Model that Combines Rain Attenuation and Other Propagation Impairments Along Earth-Satellite Paths},
   journal = {\mbox{Online Journal of Space Communication}},
   year = 2002,
   volume = 1,
   number = 2,
   pages = "1-29",
   month = fall,
   
}

@MASTERSTHESIS{abrajano,
   author = "{{G}}emalyn Abrajano and {{R}}etcher {{H}}ans Ching and {{J}}ane {{L}}ouie Zamora",
   title = "Real Time Monitoring of Tropical Rain and Its Effects on 26-GHz Microwave Link",
   school = "Ateneo de Manila University",
   type = "Undergraduate Thesis",
   address = "Department of Electronics and Communications Engineering",
   month = jun # "-" # mar,
   year = 2008,
   
}

@INPROCEEDINGS{singh,
   author = "R.K. Singh",
   title = "NATIONAL SYSTEM FOR DISASTER MANAGEMENT",
   editor = "",
   booktitle = {},
   number = {},
   series = "India-United States Conference on Space Science, Applications and Commerce",
   pages = "1--2",
   month = jun,
   year = 2004,
   address = "Bangalore, India",
   organization = India-United States Conference on Space Science, Applications and Commerce,
   publisher = "",
   
}

@INPROCEEDINGS{singh1,
   author = "R.K. Singh",
   title = "NATIONAL SYSTEM FOR DISASTER MANAGEMENT",
   editor = "",
   booktitle = {},
   number = {},
   series = "India-United States Conference on Space Science, Applications and Commerce",
   pages = "1",
   month = jun,
   year = 2004,
   address = "Bangalore, India",
   organization = India-United States Conference on Space Science, Applications and Commerce,
   publisher = "",
   
}
@INPROCEEDINGS{venkatachary,
   author = "K.V. Venkatachary and B. Manikiam and S.K. Srivastava",
   title = "HARNESSING INFORMATION AND TECHNOLOGY FOR DISASTER MANAGEMENT",
   editor = "",
   booktitle = {},
   number = {},
   series = "India-United States Conference on Space Science, Applications and Commerce",
   pages = "1--2",
   month = jun,
   year = 2004,
   address = "Bangalore, India",
   organization = "`India-United States Conference on Space Science, Applications and Commerce"',
   publisher = "",
   
}

@INPROCEEDINGS{venkatachary1,
   author = "K.V. Venkatachary and B. Manikiam and S.K. Srivastava",
   title = "HARNESSING INFORMATION AND TECHNOLOGY FOR DISASTER MANAGEMENT",
   editor = "",
   booktitle = {},
   number = {},
   series = "India-United States Conference on Space Science, Applications and Commerce",
   pages = "1",
   month = jun,
   year = 2004,
   address = "Bangalore, India",
   organization = India-United States Conference on Space Science, Applications and Commerce,
   publisher = "",
   
}

@INPROCEEDINGS{careem,
   author = "M. Careem and C.De Silva and R. De Silva and L. Raschid and S. Weerawarana",
   title = "Sahana: Overview of a Disaster Management System",
   editor = "",
   booktitle = {Proceedings of the International Conference on Information and Automation},
   number = {},
   series = "",
   pages = "361-366",
   month = dec,
   date = "15-17",
   year = 2006,
   address = "Shandong",
   organization = International Conference on Information and Automation,
   publisher = "",
   
}
@INPROCEEDINGS{celano,
   author = "M. Celano and F. Siviero and V. Poli and P.P. Alberoni and F. Di Giuseppe",
   title = "Using Google Earth visualization Platform to Support the Analysis of Severe Weather Case Studies",
   editor = "",
   booktitle = {The Fifth European Conference on Radar in Meteorology and Hydrology},
   number = {},
   series = "",
   pages = "",
   month = jun-jul,
   year = 2008,
   address = "Helsinki, Finland",
   organization = ERAD,
   publisher = "",
   
}	
@MISC{cnn,
   author="CNN",
   title="Tsunami deaths soar past 212,000",
   month=jan,
   year=2005,
   note="Available from http://edition.cnn.com/2005/WORLD/asiapcf/01/19/asia.tsunami/index.html.",
}

@MISC2{un,
   author="United Nations Department of Economic and Social affairs",
   title="Guidelines for Reducing Flood Losses",
   year=2004,
}
  
@MISC2{nytimes,
   author="The New York Times",
   title="Venezuela Buries Truckloads of Its Dead",
   month=dec,
   year=1999,
   note="Available from http://nytimes.com.",
}

@MISC{ipcc,
   author = "IPCC",
   year = 2007,
   title = "Fourth Assessment Report",   
   note = "Geneva: Intergovernmental Panel on Climate Change",
}

@BOOK{cdrc,
   author = "Emelina S. Almario",
   title = "Disasters: the Philippine Experience",
   publisher = "Citizens Disaster Response Center",
   year = "{1992}",
}

@MISC{ndcc,
   author="NDCC",
   title="Organization of the National Disaster Coordinating Council",
   year=2007,
   note="Available from http://ndcc.gov.ph.",
}

@MISC{ndccReport,
   author="NDCC",
   title="Update on Flooding in Quezon and Oriental Mindoro Provinces and Landslide and Flooding in Camarines Norte Province",
   year=2007,
   note="Available from http://www.reliefweb.int/rw/rwb.nsf/db900sid/RMOI-6JWA7M?OpenDocument.",
}


%%%%%%%%%%%%%%%%%%%%%%%%%%%%%%%%%%%%%%%%%%%%%%%%%%%%%%%%%%%%%%%%%%%%%%%%%%%%%%%%%%%%%%%%%%%%%%%%%%%%%%%%%%%
@ARTICLE{article-minimal,
   author = {L[eslie] A. Aamport},
   title = {The Gnats and Gnus Document Preparation System},
   journal = {\mbox{G-Animal's} Journal},
   year = 1986,
}

@ARTICLE{article-full,
   author = {L[eslie] A. Aamport},
   title = {The Gnats and Gnus Document Preparation System},
   journal = {\mbox{G-Animal's} Journal},
   year = 1986,
   volume = 41,
   number = 7,
   pages = "73+",
   month = jul,
   note = "This is a full ARTICLE entry",
}

The KEY field is here to override the KEY field in the journal being
cross referenced (so is the NOTE field, in addition to its imparting
information).

@ARTICLE{article-crossref,
   crossref = {WHOLE-JOURNAL},
   key = "",
   author = {L[eslie] A. Aamport},
   title = {The Gnats and Gnus Document Preparation System},
   pages = "73+",
   note = "This is a cross-referencing ARTICLE entry",
}

@ARTICLE{whole-journal,
   key = "GAJ",
   journal = {\mbox{G-Animal's} Journal},
   year = 1986,
   volume = 41,
   number = 7,
   month = jul,
   note = {The entire issue is devoted to gnats and gnus
		(this entry is a cross-referenced ARTICLE (journal))},
}

@INBOOK{inbook-minimal,
   author = "Donald E. Knuth",
   title = "Fundamental Algorithms",
   publisher = "Addison-Wesley",
   year = "{\noopsort{1973b}}1973",
   chapter = "1.2",
}

@INBOOK{inbook-full,
   author = "Donald E. Knuth",
   title = "Fundamental Algorithms",
   volume = 1,
   series = "The Art of Computer Programming",
   publisher = "Addison-Wesley",
   address = "Reading, Massachusetts",
   edition = "Second",
   month = "10~" # jan,
   year = "{\noopsort{1973b}}1973",
   type = "Section",
   chapter = "1.2",
   pages = "10--119",
   note = "This is a full INBOOK entry",
}

@INBOOK{inbook-crossref,
   crossref = "whole-set",
   title = "Fundamental Algorithms",
   volume = 1,
   series = "The Art of Computer Programming",
   edition = "Second",
   year = "{\noopsort{1973b}}1973",
   type = "Section",
   chapter = "1.2",
   note = "This is a cross-referencing INBOOK entry",
}

@BOOK{book-minimal,
   author = "Donald E. Knuth",
   title = "Seminumerical Algorithms",
   publisher = "Addison-Wesley",
   year = "{\noopsort{1973c}}1981",
}

@BOOK{book-full,
   author = "Donald E. Knuth",
   title = "Seminumerical Algorithms",
   volume = 2,
   series = "The Art of Computer Programming",
   publisher = "Addison-Wesley",
   address = "Reading, Massachusetts",
   edition = "Second",
   month = "10~" # jan,
   year = "{\noopsort{1973c}}1981",
   note = "This is a full BOOK entry",
}

@BOOK{book-crossref,
   crossref = "whole-set",
   title = "Seminumerical Algorithms",
   volume = 2,
   series = "The Art of Computer Programming",
   edition = "Second",
   year = "{\noopsort{1973c}}1981",
   note = "This is a cross-referencing BOOK entry",
}

@BOOK{whole-set,
   author = "Donald E. Knuth",
   publisher = "Addison-Wesley",
   title = "The Art of Computer Programming",
   series = "Four volumes",
   year = "{\noopsort{1973a}}{\switchargs{--90}{1968}}",
   note = "Seven volumes planned (this is a cross-referenced set of BOOKs)",
}

@BOOKLET{booklet-minimal,
   key = "Kn{\printfirst{v}{1987}}",
   title = "The Programming of Computer Art",
}

@BOOKLET{booklet-full,
   author = "Jill C. Knvth",
   title = "The Programming of Computer Art",
   howpublished = "Vernier Art Center",
   address = "Stanford, California",
   month = feb,
   year = 1988,
   note = "This is a full BOOKLET entry",
}

@INCOLLECTION{incollection-minimal,
   author = "Daniel D. Lincoll",
   title = "Semigroups of Recurrences",
   booktitle = "High Speed Computer and Algorithm Organization",
   publisher = "Academic Press",
   year = 1977,
}

@INCOLLECTION{incollection-full,
   author = "Daniel D. Lincoll",
   title = "Semigroups of Recurrences",
   editor = "David J. Lipcoll and D. H. Lawrie and A. H. Sameh",
   booktitle = "High Speed Computer and Algorithm Organization",
   number = 23,
   series = "Fast Computers",
   chapter = 3,
   type = "Part",
   pages = "179--183",
   publisher = "Academic Press",
   address = "New York",
   edition = "Third",
   month = sep,
   year = 1977,
   note = "This is a full INCOLLECTION entry",
}

@INCOLLECTION{incollection-crossref,
   crossref = "whole-collection",
   author = "Daniel D. Lincoll",
   title = "Semigroups of Recurrences",
   pages = "179--183",
   note = "This is a cross-referencing INCOLLECTION entry",
}

@BOOK{whole-collection,
   editor = "David J. Lipcoll and D. H. Lawrie and A. H. Sameh",
   title = "High Speed Computer and Algorithm Organization",
   booktitle = "High Speed Computer and Algorithm Organization",
   number = 23,
   series = "Fast Computers",
   publisher = "Academic Press",
   address = "New York",
   edition = "Third",
   month = sep,
   year = 1977,
   note = "This is a cross-referenced BOOK (collection) entry",
}

@MANUAL{manual-minimal,
   key = "Manmaker",
   title = "The Definitive Computer Manual",
}

@MANUAL{manual-full,
   author = "Larry Manmaker",
   title = "The Definitive Computer Manual",
   organization = "Chips-R-Us",
   address = "Silicon Valley",
   edition = "Silver",
   month = apr # "-" # may,
   year = 1986,
   note = "This is a full MANUAL entry",
}

@MASTERSTHESIS{mastersthesis-minimal,
   author = "{\'{E}}douard Masterly",
   title = "Mastering Thesis Writing",
   school = "Stanford University",
   year = 1988,
}

@MASTERSTHESIS{mastersthesis-full,
   author = "{\'{E}}douard Masterly",
   title = "Mastering Thesis Writing",
   school = "Stanford University",
   type = "Master's project",
   address = "English Department",
   month = jun # "-" # aug,
   year = 1988,
   note = "This is a full MASTERSTHESIS entry",
}

@MISC{misc-minimal,
   key = "Missilany",
   note = "This is a minimal MISC entry",
}

@MISC{misc-full,
   author = "Joe-Bob Missilany",
   title = "Handing out random pamphlets in airports",
   howpublished = "Handed out at O'Hare",
   month = oct,
   year = 1984,
   note = "This is a full MISC entry",
}

@STRING{STOC-key = "OX{\singleletter{stoc}}"}

@STRING{ACM = "The OX Association for Computing Machinery"}

@STRING{STOC = " Symposium on the Theory of Computing"}

@INPROCEEDINGS{inproceedings-minimal,
   author = "Alfred V. Oaho and Jeffrey D. Ullman and Mihalis Yannakakis",
   title = "On Notions of Information Transfer in {VLSI} Circuits",
   booktitle = "Proc. Fifteenth Annual ACM" # STOC,
   year = 1983,
}

@INPROCEEDINGS{inproceedings-full,
   author = "Alfred V. Oaho and Jeffrey D. Ullman and Mihalis Yannakakis",
   title = "On Notions of Information Transfer in {VLSI} Circuits",
   editor = "Wizard V. Oz and Mihalis Yannakakis",
   booktitle = "Proc. Fifteenth Annual ACM" # STOC,
   number = 17,
   series = "All ACM Conferences",
   pages = "133--139",
   month = mar,
   year = 1983,
   address = "Boston",
   organization = ACM,
   publisher = "Academic Press",
   note = "This is a full INPROCEDINGS entry",
}

@INPROCEEDINGS{inproceedings-crossref,
   crossref = "whole-proceedings",
   author = "Alfred V. Oaho and Jeffrey D. Ullman and Mihalis Yannakakis",
   title = "On Notions of Information Transfer in {VLSI} Circuits",
   organization = "",
   pages = "133--139",
   note = "This is a cross-referencing INPROCEEDINGS entry",
}

@PROCEEDINGS{proceedings-minimal,
   key = STOC-key,
   title = "Proc. Fifteenth Annual" # STOC,
   year = 1983,
}

@PROCEEDINGS{proceedings-full,
   editor = "Wizard V. Oz and Mihalis Yannakakis",
   title = "Proc. Fifteenth Annual" # STOC,
   number = 17,
   series = "All ACM Conferences",
   month = mar,
   year = 1983,
   address = "Boston",
   organization = ACM,
   publisher = "Academic Press",
   note = "This is a full PROCEEDINGS entry",
}

@PROCEEDINGS{whole-proceedings,
   key = STOC-key,
   organization = ACM,
   title = "Proc. Fifteenth Annual" # STOC,
   address = "Boston",
   year = 1983,
   booktitle = "Proc. Fifteenth Annual ACM" # STOC,
   note = "This is a cross-referenced PROCEEDINGS",
}

@PHDTHESIS{phdthesis-minimal,
   author = "F. Phidias Phony-Baloney",
   title = "Fighting Fire with Fire: Festooning {F}rench Phrases",
   school = "Fanstord University",
   year = 1988,
}

@PHDTHESIS{phdthesis-full,
   author = "F. Phidias Phony-Baloney",
   title = "Fighting Fire with Fire: Festooning {F}rench Phrases",
   school = "Fanstord University",
   type = "{PhD} Dissertation",
   address = "Department of French",
   month = jun # "-" # aug,
   year = 1988,
   note = "This is a full PHDTHESIS entry",
}

@TECHREPORT{techreport-minimal,
   author = "Tom Terrific",
   title = "An {$O(n \log n / \! \log\log n)$} Sorting Algorithm",
   institution = "Fanstord University",
   year = 1988,
}

@TECHREPORT{techreport-full,
   author = "Tom T{\'{e}}rrific",
   title = "An {$O(n \log n / \! \log\log n)$} Sorting Algorithm",
   institution = "Fanstord University",
   type = "Wishful Research Result",
   number = "7",
   address = "Computer Science Department, Fanstord, California",
   month = oct,
   year = 1988,
   note = "This is a full TECHREPORT entry",
}

@UNPUBLISHED{unpublished-minimal,
   author = "Ulrich {\"{U}}nderwood and Ned {\~N}et and Paul {\={P}}ot",
   title = "Lower Bounds for Wishful Research Results",
   note = "Talk at Fanstord University (this is a minimal UNPUBLISHED entry)",
}

@UNPUBLISHED{unpublished-full,
   author = "Ulrich {\"{U}}nderwood and Ned {\~N}et and Paul {\={P}}ot",
   title = "Lower Bounds for Wishful Research Results",
   month = nov # ", " # dec,
   year = 1988,
   note = "Talk at Fanstord University (this is a full UNPUBLISHED entry)",
}

@MISC{random-note-crossref,
   key = {Volume-2},
   note = "Volume~2 is listed under Knuth \cite{book-full}"
}