@article{Banzhaf09,
    author  = {Wolfgang Banzhaf and Simon Harding and William B. Langdon and Garnett Wilson},
    title   = "Accelerating Genetic Programming through Graphics Processing Units",
    year    = "2009",
    journal = "Genetic Programming Theory and Practice",
    volume  = "6",
    pages   = "1--19"
}

@article{Harding09,
    author  = "Harding, S. and Banzhaf, W.",
    title   = "Distributed Genetic Programming on GPUs using CUDA",
    year    = "2009"
}
 
@article{Zhang09,
    author  = "Zhang, S. and He, Z.",
    title   = "Implementation of Parallel Genetic Algorithm Based on CUDA",
    year    = "2009",
    journal = "Advances in Computing and Intelligence",
    volume  = "5821/2009",
    pages   = "24--30"
}

@article{Robbilliard09,
    author  = "Robbilliard, D. and Marion, V. and Fonlupt, C.",
    title   = "High Performance Genetic Programming on GPU",
    year    = "2009",
    journal = "Proceedings of the 2009 workshop on Bio-inspired algorithms for distributed systems",
    pages   = "85--94"
}

@misc{website:Ehlis00,
      author = "Ehlis, T.",
      title  = "Application of Genetic Programming to the Snake Game",
      year   = "2000",
      howpublished = "\url{http://www.gamedev.net/reference/articles/article1175.asp}"
}

@book{Schwab04,
    author    = "Schwab, B.",
    title     = "AI Game Engine Programming",
    year      = "2004",
    publisher = "Charles River Media",
    address   = "Boston, MA"
}

@article{Verma05,
    author  = "Verma, M. and McOwan, P.",
    title   = "An Adaptive Methodology for Synthesizing Mobile Phone Games using Genetic Algorithms",
    year    = "2005"
}

@misc{website:Davis,
      author = "Davis, L.",
      title  = "Genetic Algorithms and their applications",
      howpublished = "\url{http://www.informatics.indiana.edu/fil/CAS/PPT/Davis/}"
}

@article{Yue06,
    author  = "Yue, B. and de-Byl, P.",
    title   = "The state of the art in game AI standardisation",
    year    = "2006",
    journal = "Proceedings of the 2006 international conference on Game research and development",
    pages   = "41--46"
}

@article{Turky09,
    author  = "Turky, A. and Ahmad, M. and Yusoff, M.",
    title   = "The use of Genetic Algorithm for traffic light and pedestrian crossing control",
    year    = "2009",
    journal = "IJCSNS International Journal of Computer Science and Network Security",
    volume  = "9",
    pages   = "88--96"
}

@misc{website:Kuliniewicz09,
      author = "Kuliniewicz, P.",
      title  = "More on Wallace Jr.",
      year   = "2009",
      howpublished = "\url{http://www.kuliniewicz.org/blog/archives/2009/02/24/more-on-wallace-jr/}"
}
