@preamble{ "\newcommand{\noopsort}[1]{} "
	# "\newcommand{\printfirst}[2]{#1} "
	# "\newcommand{\singleletter}[1]{#1} "
	# "\newcommand{\switchargs}[2]{#2#1} " }

@incollection{Banzhaf09,
   author = "Wolfgang Banzhaf and Simon Harding and William B. Langdon and Garnett Wilson",
   editor = "Rick Riolo and Terence Soule and Bill Worzel",
   title = "Accelerating Genetic Programming through Graphics Processing Units",
   booktitle = "Genetic Programming Theory and Practice",
   publisher = "Springer US",
   year = 2009,
   pages = "1-19",
}

@misc{Harding09,
    author = {Simon L. Harding and Wolfgang Banzhaf},
    title = {Distributed Genetic Programming on GPUs using CUDA},
    year = {2009},
    note = "Available from http://www.evolutioninmaterio.com/preprints/",
    
}

@incollection{Zhang09,
   author = "Sifa Zhang and Zhenming He",
   editor = "Zhihua Cai and Zhenhua Li and Zhuo Kang and Yong Liu",
   title = "Implementation of Parallel Genetic Algorithm Based on CUDA",
   booktitle = "Advances in Computation and Intelligence",
   publisher = "Springer Berlin",
   year = 2009,
   volume = "5821/2009",
   pages = "24-30",
}

@inproceedings{Robbilliard09,
   author = {Robilliard, Denis and Marion, Virginie and Fonlupt, Cyril},
   title = {High performance genetic programming on GPU},
   booktitle = {BADS '09: Proceedings of the 2009 workshop on Bio-inspired algorithms for distributed systems},
   year = {2009},
   isbn = {978-1-60558-584-0},
   pages = {85--94},
   location = {Barcelona, Spain},
   doi = {http://doi.acm.org/10.1145/1555284.1555299},
   publisher = {ACM},
   address = {New York, NY, USA},
}

@misc{Ehlis00,
      AUTHOR = "Tobin Ehlis",
      TITLE = "Application of Genetic Programming to the Snake Game",
      YEAR = 2000,
      note = "Available from http://www.gamedev.net/reference/articles/article1175.asp",
}

@book{Schwab04,
    author    = "Schwab, B.",
    title     = "AI Game Engine Programming",
    year      = "2004",
    publisher = "Charles River Media",
    address   = "Boston, MA"
}

@misc{Verma05,
   author = {Verma, M. and McOwan, P.},
   title = "An adaptive methodology for synthesizing mobile phone games using genetic algorithms",
   year = 2005,
   note = "Available from http://ieeexplore.ieee.org/stamp/stamp.jsp?arnumber=01554774",
}


@misc{website:Davis,
      author = "Davis, L.",
      title  = "Genetic Algorithms and their applications",
      note = "Available from http://www.informatics.indiana.edu/fil/CAS/PPT/Davis/",
}

@inproceedings{Yue06,
 author = {Yue, Billy and de-Byl, Penny},
 title = {The state of the art in game AI standardisation},
 booktitle = {CyberGames '06: Proceedings of the 2006 international conference on Game research and development},
 year = {2006},
 isbn = {86905-901-7},
 pages = {41--46},
 location = {Perth, Australia},
 publisher = {Murdoch University},
 address = {Murdoch University, Australia, Australia},
 }

@article{Turky09,
    author  = "Turky, A. and Ahmad, M. and Yusoff, M.",
    title   = "The use of Genetic Algorithm for traffic light and pedestrian crossing control",
    year    = "2009",
    journal = "IJCSNS International Journal of Computer Science and Network Security",
    volume  = "9",
    pages   = "88--96",
}

@misc{website:Kuliniewicz09,
      author = "Kuliniewicz, P.",
      title  = "More on Wallace Jr.",
      year   = "2009",
      note = "Avaliable from http://www.kuliniewicz.org/blog/archives/2009/02/24/more-on-wallace-jr/",
}

@manual{pdf:NVCudaPrgGuide,
    organization = {"Nvidia Corporation"},
    title	 = {"NVIDIA CUDA Programming Guide"},
    year	 = "2010",
}

@article{Venkatesan08,
    author  = "Venkatesan, D. and Kannan, K. and Saravanan, R.",
    title   = "A genetic algorithm-based artificial neural network model for the optimization of machining processesl",
    year    = "2008",
    journal = "Neural Computing \& Applications",
    volume  = "18",
    pages   = "135--140",
}

@incollection{Sumalee08,
   author = "Agachai Sumalee",
   title = "Genetic Algorithm for Constraint Optimal Toll Ring Design",
   booktitle = "Advances in Computational Intelligence in Transport, Logistics, and Supply Chain Management",
   publisher = "Springer Berlin",
   year = 2008,
   volume = "144/2008",
   pages = "45-61",
}

@misc{website:Bitterli09,
      author = "Bitterli, B.",
      title  = "A Verlet based approach for 2D game physics",
      year   = "2009",
      note = "Avaliable from http://www.gamedev.net/reference/programming/features/verletPhys/",
}	
